<?xml version="1.0" encoding="UTF-8"?><collection xmlns="http://www.loc.gov/MARC21/slim"><record><leader>00365nam--2200121-i-4500</leader><controlfield tag="001">000034519</controlfield><controlfield tag="002">20161230</controlfield><controlfield tag="005">20161230201040</controlfield><controlfield tag="008">060222s1000------------r-----000-0-eng-d</controlfield><datafield ind1=" " ind2=" " tag="080"><subfield code="a">725.5.012:615.83</subfield></datafield><datafield ind1=" " ind2=" " tag="245"><subfield code="a">Normativ pentru proiectarea unitatilor medico-sanitare de fizioterapie</subfield></datafield><datafield ind1=" " ind2=" " tag="260"><subfield code="a">Bucuresti, Ed.De Stat Pt.Arhit.Si Constr., 1955, 48p.Cu Pl</subfield></datafield><datafield ind1=" " ind2=" " tag="852"><subfield code="a">5299</subfield></datafield></record></collection>